@article{Pitaksirianan2019,
  doi = {10.1007/s10619-018-7238-0},
  url = {https://doi.org/10.1007/s10619-018-7238-0},
  year = {2019},
  publisher = {Oxford University Press ({OUP})},
  volume = {61},
  number = {4},
  pages = {607--618},
  author = {Pitaksirianan, N., Lewis, Z.N. & Tu, YC},
  title = {Algorithms and framework for computing 2-body statistics on GPUs},
  journal = {Distributed and Parallel Databases}
}
